<?xml version="1.0" encoding="UTF-8"?><collection xmlns="http://www.loc.gov/MARC21/slim"><record><leader>00536nam--2200181-i-4500</leader><controlfield tag="001">000016663</controlfield><controlfield tag="002">20161230</controlfield><controlfield tag="005">20170127221733</controlfield><controlfield tag="008">060222s1000------------r-----000-0-eng-d</controlfield><datafield ind1=" " ind2=" " tag="100"><subfield code="a">Burov, V. V</subfield></datafield><datafield ind1=" " ind2=" " tag="245"><subfield code="a">Relativistic Nuclear Physics &amp; Quantum Chromodynamics</subfield></datafield><datafield ind1=" " ind2=" " tag="260"><subfield code="a">Dubna</subfield><subfield code="b">Joint Institute For Nuclear Research</subfield><subfield code="c">1997</subfield></datafield><datafield ind1=" " ind2=" " tag="300"><subfield code="a">XII + 364 p</subfield></datafield><datafield ind1=" " ind2=" " tag="490"><subfield code="a">Elementary and simple practicles, chromodynamics, quantum</subfield></datafield><datafield ind1=" " ind2=" " tag="500"><subfield code="a">Proceedings</subfield></datafield><datafield ind1=" " ind2=" " tag="700"><subfield code="a">Baldin, A. M</subfield></datafield><datafield ind1=" " ind2=" " tag="852"><subfield code="a">539.12.01</subfield></datafield><datafield ind1=" " ind2=" " tag="CAT"><subfield code="a">SYS</subfield><subfield code="c">20170127</subfield><subfield code="h">221733</subfield></datafield></record></collection>